% !Mode:: "TeX:UTF-8"

@book{oetiker2002,
   author = {Oetiker, Tobias and 中国CTEX用户小组},
   title = {一份不太简短的LATEX介绍},
   year = {2002},
   type = {Book}
}
@article{chenweide2009,
   author = {陈德伟},
   title = {用LaTeX撰写学位论文},
   journal = {软件导刊},
   number = {11},
   pages = {100-102},
   abstract = {学位论文作为高校教学计划中的重要环节,对提高教学质量、培养学生综合应用能力具有十分重要的意义。LaTeX是一种格式化的排版系统,将它应用于学位论文的撰写,真正做到编辑、排版、校对一体化,在较高层次上实现学位论文排版的美感。讨论了如何采用LaTeX系统来撰写学位论文。如果将此作为学位论文模板共享将大大节省学位论文的排版时间,提高高校学位论文规范化管理的质量。},
   keywords = {LaTeX系统
学位论文
科技排版},
   ISSN = {1672-7800},
   year = {2009},
   type = {Journal Article}
}

@article{duanmaiying2003,
   author = {段麦英},
   title = {英文科技论文的LaTeX排版},
   journal = {雁北师范学院学报},
   number = {02},
   pages = {22-24},
   abstract = {LaTeX是普遍采用的通用英文科技出版物排版软件之一 ,国际英文物理学期刊无一例外都接受LaTeX格式的文稿 .在本文中 ,笔者结合自己使用LaTeX排版的一些经验 ,介绍了LaTeX排版软件基本命令的使用方法和技巧 .},
   keywords = {英文科技论文
LaTeX排版
方法和技巧},
   ISSN = {1009-1939},
   year = {2003},
   type = {Journal Article}
}

@article{jihongwei2011,
   author = {纪宏伟},
   title = {数学论文的LaTeX排版与全文上网},
   journal = {软件导刊(教育技术)},
   number = {01},
   pages = {87-88},
   abstract = {LaTeX是一种格式化的排版系统,将它应用于数学论文的排版,可在较高层次上实现数学论文排版的美感。介绍了LaTeX的排版过程及其排版功能,探讨了数学论文全文上网的实现手段,并提供了切实可行的简便方法。},
   keywords = {LaTeX
排版系统
PDF文档
数据库},
   ISSN = {1672-7800},
   year = {2011},
   type = {Journal Article}
}

@article{majiajia2014,
   author = {马加佳},
   title = {LaTeX与Word文件的相互转换},
   journal = {中国科技期刊研究},
   number = {03},
   pages = {378-382},
   abstract = {利用TeX2Word与Word2TeX软件,可以迅速实现Word与LaTeX文件的互相转换,使排版人员或作者在重新排版时减少工作量,提高排版效率。分别介绍这两款软件的使用方法,通过转换前后的效果对比,探讨Word与LaTeX文件互转的可行性及需要注意的问题。},
   keywords = {排版
LaTeX Word转换
TeX2Word Word2TeX},
   ISSN = {1001-7143},
   year = {2014},
   type = {Journal Article}
}

@article{niejun2010,
   author = {聂俊 and 陈天莹 and 符红光},
   title = {基于Latex的互联网数学公式搜索引擎},
   journal = {计算机应用},
   number = {S2},
   pages = {312-315},
   abstract = {互联网上数学公式的搜索对学习和科研非常重要,目前Google、百度等著名搜索引擎还没提供类似的服务。除图片外,数学公式在互联网上主要以Latex和MathML的形式存在。对这两种数学公式格式,至今仍未出现成熟的数学公式搜索引擎。以Latex格式为基础(MathML可转为Latex格式),提出数学公式的分词、索引和匹配算法,并在开源的Lucene平台上实现了一个高效的数学公式搜索引擎。},
   keywords = {数学公式
搜索引擎
Latex
MathML},
   ISSN = {1001-9081},
   year = {2010},
   type = {Journal Article}
}

@article{wangyong2012,
   author = {王勇 and 姚萍 and 王岚 and 庞立},
   title = {LaTeX与方正书版排版数学论文探讨},
   journal = {中国科技期刊研究},
   number = {06},
   pages = {1036-1039},
   abstract = {从获取渠道、排版程序、排版效果、排版命令以及最终文稿等方面分析比较了LaTeX和方正书版2种软件排版数学论文的特点。比较发现,在排版数学论文方面,LaTeX软件更有优势。},
   keywords = {LaTeX
方正书版
数学论文},
   ISSN = {1001-7143},
   year = {2012},
   type = {Journal Article}
}

@article{wenyayuan2012,
   author = {温亚媛 and 赵景芝 and 李向华 and 谢冰蓉},
   title = {LaTeX排版系统在英文学术期刊中的应用},
   journal = {中国科技期刊研究},
   number = {05},
   pages = {825-830},
   abstract = {结合英文学术期刊使用LaTeX排版系统的工作经验,总结出一些使用该系统排版的心得体会。分析整理作者来稿中经常出现的问题,给出了解决的办法。同时给出我们在日常编辑工作中常用的宏包和模板,以及一些排版小技巧,与编辑同行交流。希望能对LaTeX初学者及正在使用LaTeX撰写论文的年轻作者有所帮助。},
   keywords = {LaTeX
排版
技巧
方法},
   ISSN = {1001-7143},
   year = {2012},
   type = {Journal Article}
}

